@misc{oiwiki:combbasics,
    author    = {OI Wiki Team},
    title     = {排列组合 --- {OI Wiki}},
    year      = {2016},
    publisher = {GitHub},
    url       = {https://github.com/OI-wiki/OI-wiki/blob/96e5660f9cd9d793f7e500377ac9c015be5272f0/docs/math/combinatorics/combination.md},
    note      = {[Online; accessed 4-May-2022]}
}
